<?xml version="1.0" encoding="UTF-8"?><record xmlns="http://www.loc.gov/MARC21/slim" xmlns:cinclude="http://apache.org/cocoon/include/1.0" xmlns:zs="http://www.loc.gov/zing/srw/">
  <leader>00827cz  a2200205n  4500</leader>
  <controlfield tag="001">nr 95029618 </controlfield>
  <controlfield tag="003">DLC</controlfield>
  <controlfield tag="005">20081024081637.0</controlfield>
  <controlfield tag="008">950811n| acannaabn          |b aaa      </controlfield>
  <datafield tag="010" ind1=" " ind2=" ">
    <subfield code="a">nr 95029618 </subfield>
  </datafield>
  <datafield tag="035" ind1=" " ind2=" ">
    <subfield code="a">(OCoLC)oca03897181</subfield>
  </datafield>
  <datafield tag="040" ind1=" " ind2=" ">
    <subfield code="a">DLC-R</subfield>
    <subfield code="b">eng</subfield>
    <subfield code="c">DLC-R</subfield>
    <subfield code="d">OCoLC</subfield>
  </datafield>
  <datafield tag="100" ind1="1" ind2=" ">
    <subfield code="a">Kim, Chin-u,</subfield>
    <subfield code="d">1933-</subfield>
  </datafield>
  <datafield tag="400" ind1="1" ind2=" ">
    <subfield code="a">Kim, Jin-Woo,</subfield>
    <subfield code="d">1933-</subfield>
  </datafield>
  <datafield tag="400" ind1="1" ind2=" ">
    <subfield code="a">金鎭宇,</subfield>
    <subfield code="d">1933-</subfield>
  </datafield>
  <datafield tag="400" ind1="1" ind2=" ">
    <subfield code="a">金鎮宇,</subfield>
    <subfield code="d">1933-</subfield>
  </datafield>
  <datafield tag="667" ind1=" " ind2=" ">
    <subfield code="a">Machine-derived non-Latin script reference project.</subfield>
  </datafield>
  <datafield tag="667" ind1=" " ind2=" ">
    <subfield code="a">Non-Latin script references not evaluated.</subfield>
  </datafield>
  <datafield tag="670" ind1=" " ind2=" ">
    <subfield code="a">Ŏnŏ wa ŭisa sotʻong, 1994:</subfield>
    <subfield code="b">t.p. (Kim Chin-u) colophon, etc. (grad., Yukkun Sagwan Hakkyo, Sŏul Taehakkyo Yŏngmun Hakkwa; sŏksa, Hawaii Taehak; prof., Chungang Taehakkyo Yŏngmun Hakkwa; copyrighted by Jin-Woo Kim)</subfield>
  </datafield>
  <datafield tag="670" ind1=" " ind2=" ">
    <subfield code="a">Taehak yg., 1992</subfield>
    <subfield code="b">(Kim Chin-u; b. 10-16-33)</subfield>
  </datafield>
</record>